<?xml version="1.0" encoding="UTF-8"?><record xmlns="http://www.loc.gov/MARC21/slim" xmlns:cinclude="http://apache.org/cocoon/include/1.0" xmlns:zs="http://www.loc.gov/zing/srw/">
  <leader>00763cz  a2200193n  4500</leader>
  <controlfield tag="001">nr 93010837 </controlfield>
  <controlfield tag="003">DLC</controlfield>
  <controlfield tag="005">19931216170443.5</controlfield>
  <controlfield tag="008">930323n| acannaab|          |a aaa     c</controlfield>
  <datafield tag="010" ind1=" " ind2=" ">
    <subfield code="a">nr 93010837 </subfield>
  </datafield>
  <datafield tag="040" ind1=" " ind2=" ">
    <subfield code="a">CtY</subfield>
    <subfield code="c">CtY</subfield>
    <subfield code="d">CtY</subfield>
    <subfield code="d">CU</subfield>
  </datafield>
  <datafield tag="100" ind1="1" ind2="0">
    <subfield code="a">Shybni︠o︡ŭ, Anatolʹ,</subfield>
    <subfield code="d">1907-</subfield>
  </datafield>
  <datafield tag="400" ind1="1" ind2="0">
    <subfield code="a">Shibnev, Anantoliĭ,</subfield>
    <subfield code="d">1907-</subfield>
  </datafield>
  <datafield tag="400" ind1="1" ind2="0">
    <subfield code="a">Chibnev, Anatoli,</subfield>
    <subfield code="d">1907-</subfield>
  </datafield>
  <datafield tag="400" ind1="1" ind2="0">
    <subfield code="a">Schibnew, Anatoli,</subfield>
    <subfield code="d">1907-</subfield>
  </datafield>
  <datafield tag="400" ind1="1" ind2="0">
    <subfield code="a">Shibniov, Anatoly,</subfield>
    <subfield code="d">1907-</subfield>
  </datafield>
  <datafield tag="400" ind1="1" ind2="0">
    <subfield code="a">Shybni︠o︡ŭ, Anatol ́Dzi︠a︡m'i︠a︡navich),</subfield>
    <subfield code="d">1907-</subfield>
  </datafield>
  <datafield tag="400" ind1="1" ind2="0">
    <subfield code="a">Shybni︠o︡ŭ, A. D.</subfield>
    <subfield code="q">(Anatol ́Dzi︠a︡m'i︠a︡navich),</subfield>
    <subfield code="d">1907-</subfield>
  </datafield>
  <datafield tag="670" ind1=" " ind2=" ">
    <subfield code="a">Anatoli Chibnev; Anatoli Schibnew; Anatoly Shibniov) p. 5 (Anatol ́Dzi︠m︡'i︠a︡navich Shybni︠o︡ŭ; ... A. D. Shybni︠o︡va; b. 1907)</subfield>
  </datafield>
</record>